<record><leader>00000cas a2200000 a 4500</leader><controlfield tag="001">11704718</controlfield><controlfield tag="008">850218d18591869vauwr ne      0    0eng d</controlfield><datafield ind1=" " ind2=" " tag="010"><subfield code="a">sn 85025372 </subfield></datafield><datafield ind1=" " ind2=" " tag="040"><subfield code="a">NPX</subfield><subfield code="b">eng</subfield><subfield code="c">NPX</subfield><subfield code="d">WVC</subfield><subfield code="d">KNP</subfield><subfield code="d">NVK</subfield><subfield code="d">OCL</subfield><subfield code="d">DLC</subfield><subfield code="d">OCLCF</subfield><subfield code="d">OCLCO</subfield></datafield><datafield ind1=" " ind2=" " tag="042"><subfield code="a">msc</subfield></datafield><datafield ind1="0" ind2="4" tag="245"><subfield code="a">The Clarke journal.</subfield></datafield><datafield ind1=" " ind2=" " tag="260"><subfield code="a">Berryville, Va. :</subfield><subfield code="b">Alexander Parkins,</subfield><subfield code="c">1859-</subfield></datafield><datafield ind1=" " ind2=" " tag="300"><subfield code="a">v. ;</subfield><subfield code="c">60 cm.</subfield></datafield><datafield ind1=" " ind2=" " tag="310"><subfield code="a">Weekly</subfield></datafield><datafield ind1="0" ind2=" " tag="362"><subfield code="a">Vol. 3, no. 33 (May 13, 1859)-</subfield></datafield><datafield ind1="1" ind2=" " tag="362"><subfield code="a">Ceased in Feb. 1869?</subfield><subfield code="z">Cf. Cappon. L.J.  Va. newspapers.</subfield></datafield><datafield ind1=" " ind2=" " tag="500"><subfield code="a">"State Rights and Free Trade vs. Federal Protection, Patronage and Powers."</subfield></datafield><datafield ind1=" " ind2=" " tag="515"><subfield code="a">Suspended from 1861 to 1865. Cf. Gregory, W.  Amer. newspapers.</subfield></datafield><datafield ind1=" " ind2=" " tag="515"><subfield code="a">Issue for Sept. 4, 1868 designated: New Ser. Vol. 3, no. 25.</subfield></datafield><datafield ind1=" " ind2=" " tag="500"><subfield code="a">Editor: John L. Morgan, &lt;1868&gt;.</subfield></datafield><datafield ind1=" " ind2="0" tag="651"><subfield code="a">Berryville (Va.)</subfield><subfield code="v">Newspapers.</subfield></datafield><datafield ind1=" " ind2="7" tag="655"><subfield code="a">Newspapers.</subfield><subfield code="2">fast</subfield><subfield code="0">(OCoLC)fst01423814</subfield></datafield><datafield ind1=" " ind2="7" tag="651"><subfield code="a">Virginia</subfield><subfield code="z">Berryville.</subfield><subfield code="2">fast</subfield><subfield code="0">(OCoLC)fst01227169</subfield></datafield><datafield ind1=" " ind2=" " tag="752"><subfield code="a">United States</subfield><subfield code="b">Virginia</subfield><subfield code="c">Clarke</subfield><subfield code="d">Berryville.</subfield></datafield><datafield ind1="0" ind2="0" tag="780"><subfield code="t">Clarke journal and advertiser</subfield><subfield code="w">(DLC)sn 86092541</subfield></datafield><datafield ind1="0" ind2="0" tag="785"><subfield code="t">Clarke courier (Berryville, Va.)</subfield><subfield code="x">2157-3328</subfield><subfield code="w">(DLC)sn 85025371</subfield><subfield code="w">(OCoLC)11704653</subfield></datafield></record>